@Misc{aion_example_contract,
  title =        {Hello {W}orld\ldots from the {A}ion {V}irtual {M}achine!},
  howpublished = {\url{https://blog.aion.network/hello-world-from-the-aion-virtual-machine-25038ac62f17}}
}


@article{LiskovW94,
  author    = {Liskov, B. and Wing, J.~M.},
  title     = {A {B}ehavioral {N}otion of {S}ubtyping},
  journal   = {{ACM} Transactions on Programming Languages and Systems},
  volume    = {16},
  number    = {6},
  pages     = {1811--1841},
  year      = {1994}
}

@Misc{bcel,
  title =        {{BCEL}},
  howpublished = {\url{https://commons.apache.org/proper/commons-bcel}},
  month =        {December},
  year =         {2017}
}

@article{BarthePR13,
  author    = {Barthe, G. and Pichardie, D. and Rezk, T.},
  title     = {A {C}ertified {L}ightweight {N}on-{I}nterference {J}ava {B}ytecode {V}erifier},
  journal   = {Mathematical Structures in Computer Science},
  volume    = {23},
  number    = {5},
  pages     = {1032--1081},
  year      = {2013}
}


@book{NielsonNH99,
  author    = {Nielson, F. and Nielson, H.~R. and Hankin, C.},
  title     = {Principles of {P}rogram {A}nalysis},
  publisher = {Springer},
  year      = {1999}
}

@Article{Rice53,
  author = 	 {Rice, H.~G.},
  title = 	 {Classes of {R}ecursively {E}numerable {S}ets and {T}heir {D}ecision {P}roblems},
  journal = 	 {Transactions of the American Mathematical Society},
  year = 	 {1953},
  Tvolume = 	 {74},
  pages = 	 {358--366}
}

@article{BanerjeeN05,
  author    = {Banerjee, A. and Naumann, D.~A.},
  title     = {Stack-based {A}ccess {C}ontrol and {S}ecure {I}nformation {F}low},
  journal   = {Journal of Functional Programming},
  volume    = {15},
  number    = {2},
  pages     = {131--177},
  year      = {2005}
}

@Book{CormenLRS09,
  author    = {Cormen, T.~H. and Leiserson, C.~E. and Rivest, R.~L. and Stein, C.},
  title     = {Introduction to {A}lgorithms},
  publisher = {{MIT} Press},
  year      = {2009},
  edition   = {3rd}
}

@Book{NaftalinW06,
  author = 	 {Naftalin, M. and Wadler, P.},
  title = 	 {Java {G}enerics and {C}ollections},
  publisher = 	 {O'Reilly},
  year = 	 {2006}
}

@Misc{aion,
  title =        {Aion {F}oundation},
  howpublished = {\url{https://aion.network}}
}

@Misc{neo,
  title =        {{NEO} - {A}n {O}pen {N}etwork for {S}mart {E}conomy},
  howpublished = {\url{https://neo.org}}
}

@Misc{neo_contract,
  title =        {How to {U}se {J}ava to {W}rite a {NEO} {S}mart {C}ontract},
  howpublished = {\url{https://docs.neo.org/docs/en-us/sc/devenv/getting-started-java.html}}
}

@Unpublished{Nakamoto08,
  author =       {Nakamoto, S.},
  title =        {Bitcoin: {A} {P}eer-to-{P}eer {E}lectronic {C}ash {S}ystem},
  note =         {\url{https://bitcoin.org/bitcoin.pdf}},
  month =        {October},
  year =         {2008}
}

@Book{Antonopoulos17,
  author =       {Antonopoulos, A.~M.},
  title =        {Mastering {B}itcoin: {P}rogramming the {O}pen {B}lockchain},
  publisher =    {Oreilly \& Associates Inc},
  year =         {2017},
  edition =      {2nd},
  month =        {June}
}

@Book{AntonopoulosW18,
  author =       {Antonopoulos, A.~M. and Wood, G.},
  title =        {Mastering {E}thereum: {B}uilding {S}mart {C}ontracts and {D}apps},
  publisher =    {Oreilly \& Associates Inc},
  year =         {2018},
  edition =      {1st},
  month =        {November}
}
